<record><leader>00000cas a2200000 a 4500</leader><controlfield tag="001">33921535</controlfield><controlfield tag="008">951214d1971197uaruqr ne      0    0eng c</controlfield><datafield ind1=" " ind2=" " tag="010"><subfield code="a">sn 95077999 </subfield></datafield><datafield ind1=" " ind2=" " tag="040"><subfield code="a">ANU</subfield><subfield code="b">eng</subfield><subfield code="c">ANU</subfield><subfield code="d">DLC</subfield><subfield code="d">OCL</subfield><subfield code="d">OCLCQ</subfield><subfield code="d">OCLCF</subfield><subfield code="d">OCLCO</subfield></datafield><datafield ind1="1" ind2=" " tag="029"><subfield code="a">AU@</subfield><subfield code="b">000012146936</subfield></datafield><datafield ind1=" " ind2=" " tag="042"><subfield code="a">pcc</subfield></datafield><datafield ind1=" " ind2=" " tag="043"><subfield code="a">n-us-ar</subfield></datafield><datafield ind1="0" ind2=" " tag="130"><subfield code="a">Arkansas guardsman (Little Rock, Ark. : 1971)</subfield></datafield><datafield ind1="1" ind2="4" tag="245"><subfield code="a">The Arkansas guardsman.</subfield></datafield><datafield ind1=" " ind2=" " tag="260"><subfield code="a">North Little Rock, Ark. :</subfield><subfield code="b">Arkansas Military Dept.</subfield></datafield><datafield ind1=" " ind2=" " tag="300"><subfield code="a">v.</subfield></datafield><datafield ind1=" " ind2=" " tag="310"><subfield code="a">Quarterly</subfield></datafield><datafield ind1="0" ind2=" " tag="362"><subfield code="a">Vol. 1, no. 1 (Dec. 1971)-</subfield></datafield><datafield ind1="1" ind2="0" tag="610"><subfield code="a">Arkansas.</subfield><subfield code="b">National Guard</subfield><subfield code="v">Newspapers.</subfield></datafield><datafield ind1=" " ind2="7" tag="655"><subfield code="a">Newspapers.</subfield><subfield code="2">fast</subfield><subfield code="0">(OCoLC)fst01423814</subfield></datafield><datafield ind1="1" ind2="7" tag="610"><subfield code="a">Arkansas.</subfield><subfield code="b">National Guard.</subfield><subfield code="2">fast</subfield><subfield code="0">(OCoLC)fst00690292</subfield></datafield><datafield ind1="1" ind2=" " tag="710"><subfield code="a">Arkansas.</subfield><subfield code="b">National Guard.</subfield></datafield><datafield ind1=" " ind2=" " tag="752"><subfield code="a">United States</subfield><subfield code="b">Arkansas</subfield><subfield code="c">Pulaski</subfield><subfield code="d">North Little Rock.</subfield></datafield><datafield ind1="0" ind2="0" tag="785"><subfield code="t">Arkansas guardsman</subfield><subfield code="w">(DLC)sn 93050528</subfield></datafield></record>